@book{MLTT,
  title = {Intuitionistic type theory},
  author = {Martin-L\"of, P. and Sambin, G.},
  series = {Studies in proof theory},
  url = {https://books.google.com/books?id=\_D0ZAQAAIAAJ},
  year = {1984},
  publisher = {Bibliopolis},
  address = {Napoli, Italy},
}

@Book{hottbook,
  author = {The { Univalent Foundations Program }},
  title = {Homotopy Type Theory: Univalent Foundations of Mathematics},
  publisher = {\url { https://homotopytypetheory.org/book }},
  address = {Institute for Advanced Study},
  year = 2013,
}

@phdthesis{Agda,
  author = {Norell, Ulf},
  school = {{ Chalmers, G\"oteborg University }},
  title = {Towards a practical programming language based on dependent type theory},
  year = {2007},
}

@article{CubicalAgda,
  author = {Vezzosi, Andrea and M\" { o } rtberg, Anders and Abel, Andreas},
  title = {Cubical Agda: A Dependently Typed Programming Language with Univalence and Higher Inductive Types},
  journal = {Proc. ACM Program. Lang.},
  issue_date = {August 2019},
  volume = {3},
  number = {ICFP},
  month = jul,
  year = {2019},
  issn = {2475-1421},
  pages = {87:1--87:29},
  articleno = {87},
  numpages = {29},
  url = {http://doi.acm.org/10.1145/3341691},
  doi = {10.1145/3341691},
  acmid = {3341691},
  publisher = {ACM},
  address = {New York, NY, USA},
  keywords = {Cubical Type Theory, Dependent Pattern Matching, Higher Inductive Types, Univalence},
}

@misc{CHTT,
  title = {Computational Higher Type Theory III: Univalent Universes and Exact Equality},
  author = {Carlo Angiuli and Kuen-Bang Hou and Robert Harper},
  year = {2017},
  eprint = {1712.01800},
  archivePrefix = {arXiv},
  primaryClass = {cs.LO}
}

@book{Coq,
  author = {{ Coq Development Team }},
  publisher = {INRIA-Rocquencourt},
  title = {The { C } oq Proof Assistant Reference Manual},
  year = {2012}
}

@misc{Arend,
  author = {Valery Isaev and Sergey Sinchuk and Fedor Part},
  note = {Documentation available at \url { https://arend-lang.github.io }},
  title = {Arend Theorem Prover},
  year = {2019}
}

@incollection{Inductive,
  author = {Thierry Coquand and Christine Paulin},
  booktitle = {COLOG-88 (Tallinn, 1988)},
  pages = {50--66},
  publisher = {Springer},
  series = {Lecture Notes in Computer Science},
  title = {Inductively defined types},
  volume = {416},
  year = {1990}
}

@article{CCHM,
  title = {Cubical Type Theory: A Constructive Interpretation of the Univalence Axiom},
  author = {Cyril Cohen and Thierry Coquand and Simon Huber and Anders M { \"o } rtberg},
  journal = {FLAP},
  year = {2015},
  volume = {4},
  pages = {3127-3170}
}

@article{CHM,
  title = {On Higher Inductive Types in Cubical Type Theory},
  ISBN = {9781450355834},
  url = {http://dx.doi.org/10.1145/3209108.3209197},
  DOI = {10.1145/3209108.3209197},
  journal = {Proceedings of the 33rd Annual ACM/IEEE Symposium on Logic in Computer Science - LICS ’18},
  publisher = {ACM Press},
  author = {Coquand, Thierry and Huber, Simon and Mörtberg, Anders},
  year = {2018}
}

@article{CCTT,
  title = {Cartesian Cubical Type Theory},
  author = {Angiuli, Carlo and Brunerie, Guillaume and Coquand, Thierry and Kuen-Bang { Hou (Favonia) } and Harper, Robert and Licata, Daniel R},
  note = {Draft available at \url { https://www.cs.cmu.edu/~rwh/papers/uniform/uniform.pdf }},
  year = 2017
}

@article{CCTT2,
  title = {Cartesian Cubical Computational Type Theory: Constructive Reasoning with Paths and Equalities},
  author = {Angiuli, Carlo and Kuen-Bang { Hou (Favonia) } and Harper, Robert},
  journal = {Computer Science Logic 2018},
  year = {2018}
}

@misc{AxiomK,
  author = {Thomas Streicher},
  note = {Habilitationsschrift, Ludwig-Maximilians-Universit\"at M\"unchen},
  title = {Investigations into intensional type theory},
  year = 1993
}

@inproceedings{WithoutK,
  author = {Cockx, Jesper and Devriese, Dominique and Piessens, Frank},
  title = {Pattern Matching Without K},
  booktitle = {Proceedings of the 19th ACM SIGPLAN International Conference on Functional Programming},
  series = {ICFP '14},
  year = {2014},
  isbn = {978-1-4503-2873-9},
  location = {Gothenburg, Sweden},
  pages = {257--268},
  numpages = {12},
  url = {http://doi.acm.org/10.1145/2628136.2628139},
  doi = {10.1145/2628136.2628139},
  acmid = {2628139},
  publisher = {ACM},
  address = {New York, NY, USA},
}
